
@article{Byers:1998,
 author = 	{Byers{,} J. W. Luby{,} M. Mitzenmacher{,} M. Rege{,} A.},
 title = 	{A Digital Fountain Approach to Reliable Distribution of Bulk Data},
 journal = 	{SIGCOMM Computer Communication Rev.},
 volume = 	{28},
 number = 	{4},
 year = 	{1998},
 issn = 	{0146-4833},
 pages = 	{56--67},
 doi = 		{http://doi.acm.org/10.1145/285243.285258},
 publisher = 	{ACM},
 address = 	{New York, NY, USA},
 }

@article{Kubiatowicz:2000,
 author = 	{Kubiatowicz{,} J. Bindel{,} D. Chen{,} Y. Czerwinski{,} S. Eaton{,} P. Geels{,} D. Gummadi{,} R. Rhea{,} S. Weatherspoon{,} H. Weimer{,}  W. Wells{,}  C. Zhao{,} B.},
 title = 	{OceanStore: an Architecture for Global-scale Persistent Storage},
 journal = 	{SIGPLAN Not.},
 volume = 	{35},
 number = 	{11},
 year = 	{2000},
 issn = 	{0362-1340},
 pages = 	{190--201},
 doi = 		{http://doi.acm.org/10.1145/356989.357007},
 publisher = 	{ACM},
 address = 	{New York, NY, USA},
 }

@inproceedings{Weatherspoon:2002,
 author = 	{Weatherspoon{,} H. Kubiatowicz{,} H. J. D.},
 title = 	{Erasure Coding Vs. Replication: A Quantitative Comparison},
 booktitle = 	{IPTPS '01: Revised Papers from the First International Workshop on Peer-to-Peer Systems},
 year = 	{2002},
 isbn = 	{3-540-44179-4},
 pages = 	{328--338},
 publisher = 	{Springer-Verlag},
 address = 	{London, UK},
 }

@inproceedings{Dabek:2004,
 author = 	{Dabek{,} F. Li{,} J. Sit{,} E. Robertson{,} J. Kaashoek{,} M. F. Morris{,} R.},
 title = 	{Designing a DHT for Low Latency and High Throughput},
 booktitle = 	{NSDI'04: Proceedings of the 1st Conference on Symposium on Networked Systems Design and Implementation},
 year = 	{2004},
 pages = 	{85--98},
 location = 	{San Francisco, California},
 publisher = 	{USENIX Association},
 address = 	{Berkeley, CA, USA},
 }

@incollection{Rodrigues:2005,
  author = 	{Rodrigues{,} R. Liskov{,} B.},
  title = 	{High Availability in DHTs: Erasure Coding vs. Replication},
  booktitle = 	{Peer-to-Peer Systems IV},
  publisher = 	{LNCS},
  year = 	{2005},
  pages = 	{226--239},
  url = 	{http://dx.doi.org/10.1007/1155898921},
  doi = 	{http://dx.doi.org/10.1007/11558989\_21}
}

@inproceedings{Houri:2009,
 author = 	{Houri{,} Y. Jobmann{,} M. Fuhrmann{,} T.},
 title = 	{Self-organized Data Redundancy Management for Peer-to-Peer Storage Systems},
 booktitle = 	{IWSOS '09: Proceedings of the 4th IFIP TC 6 International Workshop on Self-Organizing Systems},
 year = 	{2009},
 isbn = 	{978-3-642-10864-8},
 pages = 	{65--76},
 location = 	{Zurich, Switzerland},
 doi = 		{http://dx.doi.org/10.1007/978-3-642-10865-5_6},
 publisher = 	{Springer-Verlag},
 address = 	{Berlin, Heidelberg},
 }

@inproceedings{Plank:2009,
 author = 	{Plank{,} J. S. Xu{,} L. Luo{,} J. Schuman{,} C. D. Wilcox-O'Hearn{,} Z.},
 title = 	{A Performance Evaluation and Examination of Open-source Erasure Coding Libraries for Storage},
 booktitle = 	{FAST '09: Proceedings of the 7th Conference on File and Storage Technologies},
 year = 	{2009},
 pages = 	{253--265},
 location = 	{San Francisco, California},
 publisher = 	{USENIX Association},
 address = 	{Berkeley, CA, USA},
 }

@inproceedings{Fan:2009,
 author = 	{Fan{,} B. Tantisiriroj{,} W. Xiao{,} L. Gibson{,} G.},
 title = 	{DiskReduce: RAID for Data-intensive Scalable Computing},
 booktitle = 	{PDSW '09: Proceedings of the 4th Annual Workshop on Petascale Data Storage},
 year = 	{2009},
 isbn = 	{978-1-60558-883-4},
 pages = 	{6--10},
 location = 	{Portland, Oregon},
 doi = 		{http://doi.acm.org/10.1145/1713072.1713075},
 publisher = 	{ACM},
 address = 	{New York, NY, USA},
 }

@inproceedings{Camargo:2009,
 author = 	{Camargo{,} R. Y. Filho{,} F. C. Kon{,} F.},
 title = 	{Efficient Maintenance of Distributed Data in Highly Dynamic Opportunistic Grids},
 booktitle = 	{SAC '09: Proceedings of the 2009 ACM Symposium on Applied Computing},
 year = 	{2009},
 isbn = 	{978-1-60558-166-8},
 pages = 	{1067--1071},
 location = 	{Honolulu, Hawaii},
 doi = 		{http://doi.acm.org/10.1145/1529282.1529515},
 publisher = 	{ACM},
 address = 	{New York, NY, USA},
 }

@inproceedings{Mitzenmacher:2004,
 author = 	{Mitzenmacher{,} M.},
 title = 	{Digital Fountains: A Survey and Look Forward},
 booktitle = 	{ITW '04: Proceedings of the IEEE Information Theory Workshop},
 year = 	{2004},
 pages = 	{271-276},
 location = 	{Santo Antonio, Texas},
 publisher = 	{IEEE Press},
 address = 	{Piscataway, NJ, USA},
 }

@article{Shannon:1948,
 author = 	{Shannon{,} C. E.},
 title = 	{A Mathematical Theory of Communication},
 journal = 	{The Bell System Technical Journal},
 volume = 	{27},
 number = 	{3},
 year = 	{1948},
 issn = 	{1089-7089},
 pages = 	{379-423, 623-656},
 doi = 		{http://cm.bell-labs.com/cm/ms/what/shannonday/shannon1948.pdf},
 publisher = 	{Lucent Technologies},
 address = 	{Murray Hill, NJ, USA},
 }

@inbook{Purser:1995,
  author =	 {Purser{,} M.},
  title =	 {Introduction to Error-Correcting Codes},
  chapter =	 {1},
  pages =	 {1--10},
  address =	 {Norwood, MA, USA},
  publisher =	 {Artech House},
  year =	 {1995},
}

@ONLINE{EDC:2010,
  author = 	{Wikipedia project},
  title = 	{Error Detection and Correction},
  note = 	{URL={http://en.wikipedia.org/wiki/Error\_detection\_and\_correction}. Acessado em 25 de abril de 2010},
  url = 	{http://en.wikipedia.org/wiki/Error_detection_and_correction},
}

% não foi fichada
@mastersthesis{Cabral:2008,
  author =	 {Cabral{,} M. B.},
  title =	 {GRITO: Sistema de Medi\c{c}\~{o}es para Suporte a Preserva\c{c}\~{a}o Digital num Ambiente Heterog\^{e}neo},
  school =	 {Universidade T\'{e}cnica de Lisboa},
  address =	 {Lisboa, Portugal},
  month =	 {dezembro},
  year =	 {2008},
}

@ONLINE{STO:2010,
  author = 	{Curtis{,} A. R.},
  title = 	{Space Today Online - Communicating With Interplanetary Spacecraft},
  note = 	{URL={http://www.spacetoday.org/\\SolSys/DeepSpaceNetwork/DeepSpaceNetwork.html}. Acessado em 03 de maio de 2010},
  url = 	{http://www.spacetoday.org/SolSys/DeepSpaceNetwork/DeepSpaceNetwork.html},
}

@ONLINE{TDD:2010,
  author = 	{Sniffin{,} R. W.},
  title = 	{Telemetry Data Decoding},
  note = 	{URL={http://deepspace.jpl.nasa.gov/dsndocs/\\810-005/208/208A.pdf}. Acessado em 03 de maio de 2010},
  url = 	{http://deepspace.jpl.nasa.gov/dsndocs/810-005/208/208A.pdf},
}

@ONLINE{CMSC:2010,
  author = 	{Alan Sussman et al.},
  title = 	{lectures of Peer-to-Peer and Grid Computing course},
  note = 	{URL={http://www.cs.umd.edu/class/spring2007/cmsc818s/Lectures/\\lectures.htm}. Acessado em 03 de maio de 2010},
  url = 	{http://www.cs.umd.edu/class/spring2007/cmsc818s/Lectures/lectures.htm},
}

@ONLINE{DSN:2010,
  author = 	{Wikipedia project},
  title = 	{Deep Space Network},
  note = 	{URL={http://en.wikipedia.org/\\wiki/Deep\_Space\_Network}. Acessado em 3 de maio de 2010},
  url = 	{http://en.wikipedia.org/wiki/Deep_Space_Network},
}

@ONLINE{EC:2010,
  author = 	{Wikipedia project},
  title = 	{Erasure code},
  note = 	{URL={http://en.wikipedia.org/wiki/\\Erasure\_code}. Acessado em 04 de maio de 2010},
  url = 	{http://en.wikipedia.org/wiki/Erasure_code},
}

@article{Plank:1997,
 author = 	{Plank{,} J. S.},
 title = 	{A tutorial on Reed-Solomon coding for fault-tolerance in RAID-like systems},
 journal = 	{Software Practice Experience},
 volume = 	{27},
 number = 	{9},
 year = 	{1997},
 issn = 	{0038-0644},
 pages = 	{995--1012},
 doi = 		{http://dx.doi.org/10.1002/(SICI)1097-024X(199709)27:9<995::AID-SPE111>3.3.CO;2-Y},
 publisher = 	{John Wiley Sons, Inc.},
 address = 	{New York, NY, USA},
 }

@techreport{Plank:2007,
  author = 	{Plank{,} J. S. Simmerman{,} S. Schuman{,} C. D.},
  title = 	{Jerasure: A Library in C/C++ Facilitating Erasure Coding for Storage Applications - Version 1.2},
  institution = {Department of Electrical Engineering and Computer Science{,}  University of Tennessee},
  month = 	{August},
  year = 	{2007},
  number = 	{CS-08-627},
  note = 	{URL={http://citeseerx.ist.psu.edu/viewdoc/summary?doi=10.1.1.140.3116} }
}

@inproceedings{Luby:1998,
 author = 	{Luby{,} M. Mitzenmacher{,} M. Shokrollah{,} A. Spielman{,} D.},
 title = 	{Analysis of low density codes and improved designs using irregular graphs},
 booktitle = 	{STOC '98: Proceedings of the thirtieth annual ACM symposium on Theory of computing},
 year = 	{1998},
 isbn = 	{0-89791-962-9},
 pages = 	{249--258},
 location = 	{Dallas, Texas, United States},
 doi = 		{http://doi.acm.org/10.1145/276698.276756},
 publisher = 	{ACM},
 address = 	{New York, NY, USA},
 }

@monography{Gallager:1963,
author = 	{Gallager{,} G. R.},
title = 	{Low-Density Parity-Check Codes},
pages=		{90},
school=		{Department of Electrical Engineering, MIT},
type=		{revised doctoral dissertation},
year=		{1963},
address=	{Cambridge, Massachusetts},
}

@ONLINE{LDPCC:2010,
  author = 	{Wikipedia project},
  title = 	{Low-density parity-check code},
  note = 	{URL={http://en.wikipedia.org/wiki/Low-density\_parity-check\_code}. Acessado em 04 de maio de 2010},
  url = 	{http://en.wikipedia.org/wiki/Low-density_parity-check_code},
}

@ONLINE{wimax:2010,
  author = 	{Wikipedia project},
  title = 	{Wimax},
  note = 	{URL={http://en.wikipedia.org/wiki/WiMAX}. Acessado em 04 de maio de 2010},
  url = 	{http://en.wikipedia.org/wiki/WiMAX},
}

@InProceedings{RTAD:2007,
author = 	{Oliveira{,} C. T. Moreira{,} M. D. D. Rubinstein{,} M. G. Costa{,} L. H. M. K. Duarte{,} O. C. M. B.},
title = 	{MC05: Redes Tolerantes a Atrasos e Desconex\~{o}es},
booktitle= 	{Anais do 25o Simp\'{o}sio Brasileiro de Redes de Computadores e Sistemas Distribu\'{i}dos},
month = 	{May},
year = 		{2007},
address = 	{Bel\'{e}m, Par\'{a}, Brasil}, 
}

@ONLINE{Pinheiro:2010,
  author = 	{Pinheiro{,} J. M. S.},
  title = 	{Redes M\'{o}veis Ad Hoc},
  note = 	{URL={http://\\www.projetoderedes.com.br/artigos/artigo\_redes\_moveis\_ad\_hoc.php}. Acessado em 04 de maio de 2010},
  url = 	{http://www.projetoderedes.com.br/artigos/artigo_redes_moveis_ad_hoc.php},
}

@ONLINE{TC:2010,
  author = 	{Wikipedia project},
  title = 	{Tornado Code},
  note = 	{URL={http://en.wikipedia.org/wiki/Tornado\_codes}. Acessado em 04 de maio de 2010},
  url = 	{http://en.wikipedia.org/wiki/Tornado_codes},
}

@phdthesis{Woitaszek:2007,
  author =	 {Woitaszek{,} M.},
  title =	 {Tornado Codes for Archival Storage},
  school =	 {Department of Computer Science of the University of Colorado},
  address =	 {Boulder, Colorado, USA},
  month =	 {dezembro},
  year =	 {2007},
}

@ONLINE{HadoopWiki:2010,
  author = 	{Hadoop Wiki},
  title = 	{Hadoop Wiki - PoweredBy},
  note = 	{URL={http://wiki.apache.org/hadoop/\\PoweredBy}. Acessado em 08 de maio de 2010},
  url = 	{http://wiki.apache.org/hadoop/PoweredBy},
}

@ONLINE{CS540:2010,
  author = 	{Plank{,} J.},
  title = 	{CS560 - Operating Systems},
  note = 	{URL={http://www.cs.utk.edu/\\~plank/plank/classes/cs560}. Acessado em 08 de maio de 2010},
  url = 	{http://www.cs.utk.edu/~plank/plank/classes/cs560},
}

@ONLINE{HDFS-503:2010,
  author = 	{Apache Software Foundation},
  title = 	{HDFS-503 - Implement Erasure Coding as a layer on HDFS},
  note = 	{URL={https://issues.apache.org/jira/browse/HDFS-503}. Acessado em 08 de maio de 2010},
  url = 	{https://issues.apache.org/jira/browse/HDFS-503},
}

@inbook{White:2009,
  author =	 {White{,} T.},
  title =	 {Hadoop: The Definive Guide},
  chapter =	 {1, 2, 3},
  pages =	 {1--74},
  address =	 {Sebastopol, CA, USA},
  publisher =	 {O'Reilly},
  year =	 {2009},
}

@ONLINE{Hadoop:2010,
  author = 	{Apache Software Foundation},
  title = 	{HDFS Architecture},
  note = 	{URL={http://hadoop.apache.org/common/docs/current/hdfs\_design.html}. Acessado em 08 de maio de 2010},
  url = 	{http://hadoop.apache.org/common/docs/current/hdfs_design.html},
}

@ONLINE{Noll:2010,
  author = 	{Noll{,} M. G.},
  title = 	{Running Hadoop On Ubuntu Linux (Single-Node Cluster)},
  note = 	{URL={http://www.michael-noll.com/wiki/Running\_Hadoop\_On\_Ubuntu\_Linux\_(Single-Node\_Cluster)}. Acessado em 08 de maio de 2010},
  url = 	{http://www.michael-noll.com/wiki/Running_Hadoop_On_Ubuntu_Linux_(Single-Node_Cluster)},
}

@ONLINE{Gutenberg:2010,
  author = 	{Project Gutenberg},
  title = 	{Search Book Catalog},
  note = 	{URL={http://www.gutenberg.org}. Acessado em 09 de maio de 2010},
  url = 	{http://www.gutenberg.org},
}

@ONLINE{DomPub:2010,
  author = 	{Governo Federal - Minist\'{e}rio da Educa\c{c}\~a{o} e Cultura},
  title = 	{Dom\'{i}nio P\'{u}blico},
  note = 	{URL={http://www.dominiopublico.gov.br}. Acessado em 09 de maio de 2010},
  url = 	{http://www.dominiopublico.gov.br},
}

@inbook{Kurose:2010,
  author =	 {Kurose{,} J. F. Ross{,} K. W.},
  title =	 {Redes de Computadores e a Internet: uma abordagem top-down},
  chapter =	 {5},
  pages =	 {318--376},
  address =	 {S\~{a}o Paulo, Brasil},
  publisher =	 {Addison-Wesley},
  year =	 {2010},
}

@inproceedings{Dean:2004,
 author = 	{Dean{,} J. Ghemawat{,} S.},
 title = 	{MapReduce: simplified data processing on large clusters},
 booktitle = 	{OSDI'04: Proceedings of the 6th conference on Symposium on Opearting Systems Design \& Implementation},
 year = 	{2004},
 pages = 	{137-150},
 location = 	{San Francisco, CA},
 publisher = 	{USENIX Association},
 address = 	{Berkeley, CA, USA},
 }

@article{Berlekamp:1987,
 author = 	{Berlekamp{,} E. R. Peile{,} R. E. Pope{,} S. P.},
 title = 	{The Application of Error Control to Communications},
 journal = 	{IEEE Communications Magazine},
 pages = 	{44--57},
 volume = 	{25},
 number = 	{4},
 month = 	{April},
 year = 	{1987},
 location = 	{Santo Antonio, Texas},
 publisher = 	{IEEE Press},
 address = 	{Piscataway, NJ, USA},
 }

@ONLINE{MathWorks:2010,
  author = 	{MathWorks},
  title = 	{Error Detection and Correction},
  note = 	{URL={http://www.mathworks.com/access\\ /helpdesk/help/toolbox/comm/ug/fp6603.html}. Acessado em 04 de julho de 2010},
  url = 	{http://www.mathworks.com/access/helpdesk/help/toolbox/comm/ug/fp6603.html},
}

@inbook{Huffman:2003,
  author =	 {Huffman{,} W. C. Pless{,} V.},
  title =	 {Fundamentals of Error-Correcting Codes},
  chapter =	 {1},
  pages =	 {1--52},
  address =	 {New York, USA},
  publisher =	 {Cambridge University Press},
  year =	 {2003},
}

@ONLINE{FFRDC:2010,
  author = 	{Federally Funded Research and Development Center of Aerospace Corporation - United States Air Force},
  title = 	{Forward Error-Correction Coding},
  note = 	{URL={http://www.aero.org/publications/crosslink/winter2002/04.html}. Acessado em 08 de julho de 2010},
  url = 	{http://www.aero.org/publications/crosslink/winter2002/04.html},
}

@inproceedings{Patterson:1988,
 author = 	{Patterson{,} D. A. Gibson{,} G. Katz{,} R. H.},
 title = 	{A case for redundant arrays of inexpensive disks (RAID)},
 booktitle = 	{SIGMOD '88: Proceedings of the 1988 ACM SIGMOD International Conference on Management of Data},
 year = 	{1988},
 isbn = 	{0-89791-268-3},
 pages = 	{109--116},
 location = 	{Chicago, Illinois, USA},
 doi = 		{http://doi.acm.org/10.1145/50202.50214},
 publisher = 	{ACM},
 address = 	{New York, NY, USA},
 }

@inbook{Lin:1983,
  author =	 {Lin{,} S. Costello{,} D. J. J.},
  title =	 {Error Control Coding: Fundamentals and Applications},
  chapter =	 {1},
  pages =	 {1--14},
  address =	 {Englewood Cliffs, New Jersey, USA},
  publisher =	 {Prentice-Hall Press},
  year =	 {1983},
}

@phdthesis{Weber:1985,
  author =	 {Weber{,} J. M.},
  title =	 {Bounds and Constructions for Binary Block Codes Correcting Asymmetric or Unidirectional Errors},
  school =	 {Delft University of Technology},
  address =	 {Delft, South Holland, Netherlands},
  year =	 {1985},
}

@inbook{Klove:2007,
  author =	 {Klove{,} T.},
  title =	 {Codes for Error Detection},
  chapter =	 {1},
  pages =	 {1--32},
  address =	 {Englewood Cliffs, New Jersey, USA},
  publisher =	 {World Scientific Publishing Company},
  year =	 {2007},
}

@inbook{Yeung:2008,
  author =	 {Yeung{,} R. W.},
  title =	 {Information Theory and Network Coding},
  chapter =	 {1},
  pages =	 {1--4},
  address =	 {Englewood Cliffs, New Jersey, USA},
  publisher =	 {Springer},
  year =	 {2008},
}

@ONLINE{AF:2010,
  author = 	{Ferreira{,} A. J.},
  title = 	{material de apoio - C\'{o}digos detectores e correctores de erros, introdu\c{c}\~{a}o \`{a} codifica\c{c}\~{a}o de canal e aos c\'{o}digos detectores e correctores de erros, c\'{i}clicos e n\~{a}o c\'{i}clicos},
  note = 	{URL={http://www.deetc.isel.ipl.pt/sistemastele/docentes/AF/AF.htm}. Acessado em 24 de julho de 2010},
  url = 	{http://www.deetc.isel.ipl.pt/sistemastele/docentes/AF/AF.htm},
}

@inbook{Vadala:2002,
  author =	 {Vadala{,} D.},
  title =	 {Managing RAID on Linux},
  chapter =	 {1},
  pages =	 {1--10},
  address =	 {Sebastopol, CA, USA},
  publisher =	 {O'Reilly},
  year =	 {2002},
}

@ONLINE{DS:2010,
  author = 	{Wikipedia project},
  title = 	{Data striping},
  note = 	{URL={http://en.wikipedia.org/wiki/Data\_striping}. Acessado em 01 de agosto de 2010},
  url = 	{http://en.wikipedia.org/wiki/Data_striping},
}

% http://pt.wikipedia.org/wiki/RAID
% http://en.wikipedia.org/wiki/RAID
% http://en.wikipedia.org/wiki/Standard_RAID_levels
% http://ftp.kernel.org/pub/linux/kernel/people/hpa/raid6.pdf

@mastersthesis{Almeida:2007,
  author =	 {Almeida{,} G. M.},
  title =	 {C\'{o}digos Corretores de Erros em Hardware para Sistemas de Telecomando e Telemetria em Aplica\c{c}\~{o}es Espaciais},
  school =	 {Pontif\'{i}cia Universidade Cat\'{o}lica do Rio Grande do Sul - Faculdade de Inform\'{a}tica},
  address =	 {Porto Alegre, Brasil},
  month =	 {mar\c{c}o},
  year =	 {2007},
}

@techreport{TR-IC-10-24,
   number = 	{IC-10-24},
   author =  	{Oriani{,} A.  Garcia{,} I. C. Schmidt{,} R.},
   title =  	{{The  Search  for  a Highly-Available Hadoop Distributed Filesystem}},
   month = 	{August},
   year = 	{2010},
   institution = {Institute of Computing, University of Campinas},
}
@inbook{Coulouris:2001,
  author =	 {Coulouris{,} G. Dollimore{,} J. Kindberg{,} T.},
  title =	 {Distributed Systems: Concepts and Design},
  chapter =	 {14},
  pages =	 {553--606},
  address =	 {Sebastopol, Essex, England},
  publisher =	 {Pearson Education},
  year =	 {2001},
}

@inproceedings{Bhagwan:2003,
 author = 	{Bhagwan{,} R. Moore{,} D. Savage{,} S. Voelker{,} G. M.},
 title = 	{Replication strategies for highly available peer-to-peer storage},
 booktitle = 	{Future directions in distributed computing: research and position papers},
 year = 	{2003},
 isbn = 	{3-540-00912-4},
 pages = 	{153--158},
 publisher = 	{Springer-Verlag},
 address = 	{Berlin, Heidelberg},
 }

@ONLINE{MR-1969:2010,
  author = 	{Apache Software Foundation},
  title = 	{MAPREDUCE-1969 - Allow raid to use Reed-Solomon erasure codes},
  note = 	{URL={https://issues.apache.org/jira/browse/MAPREDUCE-1969}. Acessado em 20 de agosto de 2010},
  url = 	{https://issues.apache.org/jira/browse/MAPREDUCE-1969},
}

@ONLINE{MR-1970:2010,
  author = 	{Apache Software Foundation},
  title = 	{MAPREDUCE-1970 - Reed-Solomon code implementation to be used in raid},
  note = 	{URL={https://issues.apache.org/jira/browse/MAPREDUCE-1970}. Acessado em 20 de agosto de 2010},
  url = 	{https://issues.apache.org/jira/browse/MAPREDUCE-1970},
}

@inproceedings{Plank:2004,
  author    = 	{Plank{,} J. S. Thomason{,} M. G.},
  title     = 	{A Practical Analysis of Low-Density Parity-Check Erasure Codes for Wide-Area Storage Applications},
  booktitle = 	{DSN},
  year      = 	{2004},
  pages     = 	{115-124},
  ee        = 	{http://csdl.computer.org/comp/proceedings/dsn/2004/2052/00/20520115abs.htm},
}

@inproceedings{Haeberlen:2005,
 author = 	{Haeberlen{,} A. Mislove{,} A. Druschel{,} P.},
 title = 	{Glacier: highly durable, decentralized storage despite massive correlated failures},
 booktitle = 	{NSDI'05: Proceedings of the 2nd conference on Symposium on Networked Systems Design \& Implementation},
 year = 	{2005},
 pages = 	{143--158},
 publisher = 	{USENIX Association},
 address = 	{Berkeley, CA, USA},
 }

@ONLINE{MR-2036:2010,
  author = 	{Apache Software Foundation},
  title = 	{MAPREDUCE-2036 - Enable Erasure Code in Tool similar to Hadoop Archive},
  note = 	{URL={https://issues.apache.org/jira/browse/MAPREDUCE-2036}. Acessado em 10 de novembro de 2010},
  url = 	{https://issues.apache.org/jira/browse/MAPREDUCE-2036},
}

@article{Reed:1960,
author = 	{Reed{,} I. S. Solomon{,} G.},
title = 	{Polynomial Codes Over Certain Finite Fields},
publisher = 	{SIAM},
year = 		{1960},
journal = 	{Journal of the Society for Industrial and Applied Mathematics},
volume = 	{8},
number = 	{2},
pages = 	{300-304},
url = 		{http://link.aip.org/link/?SMM/8/300/1},
doi = 		{10.1137/0108018},
}
