

@article{Byers:1998,

 author = 	{ J. W. Byers and M. Luby M. Mitzenmacher and A. Rege},
 title = 	{A Digital Fountain Approach to Reliable Distribution of Bulk Data},

 journal = 	{SIGCOMM Computer Communication Rev.},

 volume = 	{28},

 number = 	{4},

 year = 	{1998},

 issn = 	{0146-4833},

 pages = 	{56--67},

 doi = 		{http://doi.acm.org/10.1145/285243.285258},

 publisher = 	{ACM},

 address = 	{New York, NY, USA},

 }


@inproceedings{Kubiatowicz:2000,
 author = 	{J. Kubiatowicz and D. Bindel and Y. Chen and S. Czerwinski and P. Eaton and D. Geels and R. Gummadi and S. Rhea and H. Weatherspoon and W. Weimer and C. Wells and B. Zhao},
 title = 	{OceanStore: an architecture for global-scale persistent storage},
 booktitle = 	{ASPLOS '00: Proceedings of the ninth international conference on Architectural support for programming languages and operating systems},
 series = 	{ASPLOS-IX},
 year = 	{2000},
 isbn = 	{1-58113-317-0},
 location = 	{Cambridge, Massachusetts, United States},
 pages = 	{190--201},
 numpages = 	{12},
 url = 		{http://doi.acm.org/10.1145/378993.379239},
 doi = 		{http://doi.acm.org/10.1145/378993.379239},
 acmid = 	{379239},
 publisher = 	{ACM},
 address = 	{New York, NY, USA},
}

@inproceedings{Weatherspoon:2002:01,

 author = 	{ H. Weatherspoon and H. J. D. Kubiatowicz},
 title = 	{Erasure Coding Vs. Replication: A Quantitative Comparison},

 booktitle = 	{IPTPS '01: Revised Papers from the First International Workshop on Peer-to-Peer Systems},

 year = 	{2002},

 isbn = 	{3-540-44179-4},

 pages = 	{328--338},

 publisher = 	{Springer-Verlag},

 address = 	{London, UK},

 }


@inproceedings{Dabek:2004,

 author = 	{ F. Dabek and J. Li and E. Sit and J. Robertson and M. F. Kaashoek and R. Morris},
 title = 	{Designing a DHT for Low Latency and High Throughput},

 booktitle = 	{NSDI'04: Proceedings of the 1st Conference on Symposium on Networked Systems Design and Implementation},

 year = 	{2004},

 pages = 	{85--98},

 location = 	{San Francisco, California},

 publisher = 	{USENIX Association},

 address = 	{Berkeley, CA, USA},

 }



@incollection{Rodrigues:2005,

 author = 	{ R. Rodrigues and B. Liskov},
  title = 	{High Availability in DHTs: Erasure Coding vs. Replication},

  booktitle = 	{Peer-to-Peer Systems IV},

  publisher = 	{LNCS},

  year = 	{2005},

  pages = 	{226--239},

  url = 	{http://dx.doi.org/10.1007/1155898921},

  doi = 	{http://dx.doi.org/10.1007/11558989\_21}

}



@inproceedings{Houri:2009,

 author = 	{ Y. Houri and M. Jobmann and T. Fuhrmann},
 title = 	{Self-organized Data Redundancy Management for Peer-to-Peer Storage Systems},

 booktitle = 	{IWSOS '09: Proceedings of the 4th IFIP TC 6 International Workshop on Self-Organizing Systems},

 year = 	{2009},

 isbn = 	{978-3-642-10864-8},

 pages = 	{65--76},

 location = 	{Zurich, Switzerland},

 doi = 		{http://dx.doi.org/10.1007/978-3-642-10865-5_6},

 publisher = 	{Springer-Verlag},

 address = 	{Berlin, Heidelberg},

 }



@inproceedings{Plank:2009,

 author = 	{ J. S. Plank and L. Xu and J. Luo and C. D. Schuman and Z. Wilcox-O'Hearn},
 title = 	{A Performance Evaluation and Examination of Open-source Erasure Coding Libraries for Storage},

 booktitle = 	{FAST '09: Proceedings of the 7th Conference on File and Storage Technologies},

 year = 	{2009},

 pages = 	{253--265},

 location = 	{San Francisco, California},

 publisher = 	{USENIX Association},

 address = 	{Berkeley, CA, USA},

 }



@inproceedings{Fan:2009,

 author = 	{ B. Fan and W. Tantisiriroj and L. Xiao and G. Gibson},
 title = 	{DiskReduce: RAID for Data-intensive Scalable Computing},

 booktitle = 	{PDSW '09: Proceedings of the 4th Annual Workshop on Petascale Data Storage},

 year = 	{2009},

 isbn = 	{978-1-60558-883-4},

 pages = 	{6--10},

 location = 	{Portland, Oregon},

 doi = 		{http://doi.acm.org/10.1145/1713072.1713075},

 publisher = 	{ACM},

 address = 	{New York, NY, USA},

 }



@inproceedings{Camargo:2009,

 author = 	{ R. Y. Camargo and F. C. Filho and F. Kon},
 title = 	{Efficient Maintenance of Distributed Data in Highly Dynamic Opportunistic Grids},

 booktitle = 	{SAC '09: Proceedings of the 2009 ACM Symposium on Applied Computing},

 year = 	{2009},

 isbn = 	{978-1-60558-166-8},

 pages = 	{1067--1071},

 location = 	{Honolulu, Hawaii},

 doi = 		{http://doi.acm.org/10.1145/1529282.1529515},

 publisher = 	{ACM},

 address = 	{New York, NY, USA},

 }



@inproceedings{Mitzenmacher:2004,

 author = 	{ M. Mitzenmacher},
 title = 	{Digital Fountains: A Survey and Look Forward},

 booktitle = 	{ITW '04: Proceedings of the IEEE Information Theory Workshop},

 year = 	{2004},

 pages = 	{271-276},

 location = 	{Santo Antonio, Texas},

 publisher = 	{IEEE Press},

 address = 	{Piscataway, NJ, USA},

 }



@article{Shannon:1948,

 author = 	{ C. E. Shannon},
 title = 	{A Mathematical Theory of Communication},

 journal = 	{The Bell System Technical Journal},

 volume = 	{27},

 number = 	{3},

 year = 	{1948},

 issn = 	{1089-7089},

 pages = 	{379-423, 623-656},

 doi = 		{http://cm.bell-labs.com/cm/ms/what/shannonday/shannon1948.pdf},

 publisher = 	{Lucent Technologies},

 address = 	{Murray Hill, NJ, USA},

 }



@inbook{Purser:1995,

 author = 	{ M. Purser},
  title =	 {Introduction to Error-Correcting Codes},

  chapter =	 {1},

  pages =	 {1--10},

  address =	 {Norwood, MA, USA},

  publisher =	 {Artech House},

  year =	 {1995},

}



@article{Plank:1997,

 author = 	{ J. S. Plank},
 title = 	{A tutorial on Reed-Solomon coding for fault-tolerance in RAID-like systems},

 journal = 	{Software Practice Experience},

 volume = 	{27},

 number = 	{9},

 year = 	{1997},

 issn = 	{0038-0644},

 pages = 	{995--1012},

 doi = 		{http://dx.doi.org/10.1002/(SICI)1097-024X(199709)27:9<995::AID-SPE111>3.3.CO;2-Y},

 publisher = 	{John Wiley Sons, Inc.},

 address = 	{New York, NY, USA},

 }



@techreport{Plank:2007,

 author = 	{ J. S. Plank and S. Simmerman and C. D. Schuman},
  title = 	{Jerasure: A Library in C/C++ Facilitating Erasure Coding for Storage Applications - Version 1.2},

  institution = {Department of Electrical Engineering and Computer Science{,}  University of Tennessee},

  month = 	{August},

  year = 	{2007},

  number = 	{CS-08-627},

  note = 	{URL={http://citeseerx.ist.psu.edu/viewdoc/summary?doi=10.1.1.140.3116} }

}



@inproceedings{Luby:1998,

 author = 	{ M. Luby and M. Mitzenmacher and A. Shokrollah and D. Spielman},
 title = 	{Analysis of low density codes and improved designs using irregular graphs},

 booktitle = 	{STOC '98: Proceedings of the thirtieth annual ACM symposium on Theory of computing},

 year = 	{1998},

 isbn = 	{0-89791-962-9},

 pages = 	{249--258},

 location = 	{Dallas, Texas, United States},

 doi = 		{http://doi.acm.org/10.1145/276698.276756},

 publisher = 	{ACM},

 address = 	{New York, NY, USA},

 }



@phdthesis{Gallager:1963,

 author = 	{ G. R. Gallager},
title = 	{Low-Density Parity-Check Codes},

pages=		{90},

school=		{Department of Electrical Engineering, MIT},

type=		{revised doctoral dissertation},

year=		{1963},

address=	{Cambridge, Massachusetts},

}



@InProceedings{RTAD:2007,

 author = 	{ C. T. Oliveira and M. D. D. Moreira and M. G. Rubinstein and L. H. M. K. Costa and O. C. M. B. Duarte},

title = 	{MC05: Redes Tolerantes a Atrasos e Desconex\~{o}es},

booktitle= 	{Anais do 25o Simp\'{o}sio Brasileiro de Redes de Computadores e Sistemas Distribu\'{i}dos},

month = 	{May},

year = 		{2007},

address = 	{Bel\'{e}m, Par\'{a}, Brasil}, 

}



@phdthesis{Woitaszek:2007,

 author = 	{ M. Woitaszek},
  title =	 {Tornado Codes for Archival Storage},

  school =	 {Department of Computer Science of the University of Colorado},

  address =	 {Boulder, Colorado, USA},

  month =	 {dezembro},

  year =	 {2007},

}



@misc{EDC:2010,

 author = 	{Wikipedia project},
  title = 	{Error Detection and Correction},

  note = 	{URL={http://en.wikipedia.org/wiki/Error\_detection\_and\_correction}. Acessado em 25 de abril de 2010},

  url = 	{http://en.wikipedia.org/wiki/Error_detection_and_correction},

}



@mastersthesis{Cabral:2009,

 author = 	{ M. B. Cabral},
  title =	 {GRITO: Sistema de Medi\c{c}\~{o}es para Suporte a Preserva\c{c}\~{a}o Digital num Ambiente Heterog\^{e}neo},

  school =	 {Universidade T\'{e}cnica de Lisboa, Instituto Superior TÃ©cnico},

  address =	 {Lisboa, Portugal},

  month =	 {dezembro},

  year =	 {2009},

}



@misc{STO:2010,

 author = 	{ A. R. Curtis},
  title = 	{Space Today Online - Communicating With Interplanetary Spacecraft},

  note = 	{URL={http://www.spacetoday.org/\\SolSys/DeepSpaceNetwork/DeepSpaceNetwork.html}. Acessado em 03 de maio de 2010},

  url = 	{http://www.spacetoday.org/SolSys/DeepSpaceNetwork/DeepSpaceNetwork.html},

}

@misc{TDD:2010,
  author = 	{ R. W. Sniffin},
  title = 	{Telemetry Data Decoding},
  note = 	{URL={http://deepspace.jpl.nasa.gov/dsndocs/\\810-005/208/208A.pdf}. Acessado em 03 de maio de 2010},
  url = 	{http://deepspace.jpl.nasa.gov/dsndocs/810-005/208/208A.pdf},
}



@misc{CMSC:2010,

 author = 	{ Alan Sussman et al. },
  title = 	{lectures of Peer-to-Peer and Grid Computing course},

  note = 	{URL={http://www.cs.umd.edu/class/spring2007/cmsc818s/Lectures/\\lectures.htm}. Acessado em 03 de maio de 2010},

  url = 	{http://www.cs.umd.edu/class/spring2007/cmsc818s/Lectures/lectures.htm},

}



@misc{DSN:2010,

 author = 	{Wikipedia project},
  title = 	{Deep Space Network},

  note = 	{URL={http://en.wikipedia.org/\\wiki/Deep\_Space\_Network}. Acessado em 3 de maio de 2010},

  url = 	{http://en.wikipedia.org/wiki/Deep_Space_Network},

}



@misc{EC:2010,

 author = 	{Wikipedia project},
  title = 	{Erasure code},

  note = 	{URL={http://en.wikipedia.org/wiki/\\Erasure\_code}. Acessado em 04 de maio de 2010},

  url = 	{http://en.wikipedia.org/wiki/Erasure_code},

}





@misc{LDPCC:2010,

 author = 	{Wikipedia project},
  title = 	{Low-density parity-check code},

  note = 	{URL={http://en.wikipedia.org/wiki/Low-density\_parity-check\_code}. Acessado em 04 de maio de 2010},

  url = 	{http://en.wikipedia.org/wiki/Low-density_parity-check_code},

}



@misc{wimax:2010,

 author = 	{Wikipedia project},
  title = 	{Wimax},

  note = 	{URL={http://en.wikipedia.org/wiki/WiMAX}. Acessado em 04 de maio de 2010},

  url = 	{http://en.wikipedia.org/wiki/WiMAX},

}





@misc{Pinheiro:2010,

 author = 	{ J. M. S. Pinheiro},
  title = 	{Redes M\'{o}veis Ad Hoc},

  note = 	{URL={http://\\www.projetoderedes.com.br/artigos/artigo\_redes\_moveis\_ad\_hoc.php}. Acessado em 04 de maio de 2010},

  url = 	{http://www.projetoderedes.com.br/artigos/artigo_redes_moveis_ad_hoc.php},

}



@misc{TC:2010,

 author = 	{Wikipedia project},
  title = 	{Tornado Code},

  note = 	{URL={http://en.wikipedia.org/wiki/Tornado\_codes}. Acessado em 04 de maio de 2010},

  url = 	{http://en.wikipedia.org/wiki/Tornado_codes},

}



@misc{HadoopWiki:2010,

 author = 	{Hadoop Wiki},
  title = 	{Hadoop Wiki - PoweredBy},

  note = 	{URL={http://wiki.apache.org/hadoop/\\PoweredBy}. Acessado em 08 de maio de 2010},

  url = 	{http://wiki.apache.org/hadoop/PoweredBy},

}



@misc{CS540:2010,

 author = 	{ J. Plank},
  title = 	{CS560 - Operating Systems},

  note = 	{URL={http://www.cs.utk.edu/\\~plank/plank/classes/cs560}. Acessado em 08 de maio de 2010},

  url = 	{http://www.cs.utk.edu/~plank/plank/classes/cs560},

}



@misc{HDFS-503:2010,
 author = 	{Apache Software Foundation},
  title = 	{HDFS-503 - Implement Erasure Coding as a layer on HDFS},

  note = 	{URL={https://issues.apache.org/jira/browse/HDFS-503}. Acessado em 08 de maio de 2010},

  url = 	{https://issues.apache.org/jira/browse/HDFS-503},

}



@inbook{White:2009,

 author = 	{ T. White},
  title =	 {Hadoop: The Definive Guide},

  chapter =	 {1, 2, 3},

  pages =	 {1--74},

  address =	 {Sebastopol, CA, USA},

  publisher =	 {O'Reilly},

  year =	 {2009},

}



@misc{Hadoop:2010,
 author = 	{Apache Software Foundation},
  title = 	{HDFS Architecture},

  note = 	{URL={http://hadoop.apache.org/common/docs/current/hdfs\_design.html}. Acessado em 08 de maio de 2010},

  url = 	{http://hadoop.apache.org/common/docs/current/hdfs_design.html},

}



@misc{Noll:2010,

 author = 	{ M. G. Noll},
  title = 	{Running Hadoop On Ubuntu Linux (Single-Node Cluster)},

  note = 	{URL={http://www.michael-noll.com/wiki/Running\_Hadoop\_On\_Ubuntu\_Linux\_(Single-Node\_Cluster)}. Acessado em 08 de maio de 2010},

  url = 	{http://www.michael-noll.com/wiki/Running_Hadoop_On_Ubuntu_Linux_(Single-Node_Cluster)},

}



@misc{Gutenberg:2010,

 author = 	{Project Gutenberg},
  title = 	{Search Book Catalog},

  note = 	{URL={http://www.gutenberg.org}. Acessado em 09 de maio de 2010},

  url = 	{http://www.gutenberg.org},

}



@misc{DomPub:2010,

 author = 	{Governo Federal - Minist\'{e}rio da Educa\c{c}\~a{o} e Cultura},
  title = 	{Dom\'{i}nio P\'{u}blico},

  note = 	{URL={http://www.dominiopublico.gov.br}. Acessado em 09 de maio de 2010},

  url = 	{http://www.dominiopublico.gov.br},

}



@inbook{Kurose:2010,

 author = 	{ J. F. Kurose and K. W. Ross},
  title =	 {Redes de Computadores e a Internet: uma abordagem top-down},

  chapter =	 {5},

  pages =	 {318--376},

  address =	 {S\~{a}o Paulo, Brasil},

  publisher =	 {Addison-Wesley},

  year =	 {2010},

}



@inproceedings{Dean:2004,

 author = 	{ J. Dean and S. Ghemawat},
 title = 	{MapReduce: simplified data processing on large clusters},

 booktitle = 	{OSDI'04: Proceedings of the 6th conference on Symposium on Opearting Systems Design \& Implementation},

 year = 	{2004},

 pages = 	{137--150},

 location = 	{San Francisco, CA},

 publisher = 	{USENIX Association},

 address = 	{Berkeley, CA, USA},

 }



% nÃ£o foi encontrado o arquivo do artigo

@article{Berlekamp:1987,

 author = 	{ E. R. Berlekamp and R. E. Peile and S. P. Pope},
 title = 	{The Application of Error Control to Communications},

 journal = 	{IEEE Communications Magazine},

 pages = 	{44--57},

 volume = 	{25},

 number = 	{4},

 month = 	{April},

 year = 	{1987},

 location = 	{Santo Antonio, Texas},

 publisher = 	{IEEE Press},

 address = 	{Piscataway, NJ, USA},

 }



@misc{MathWorks:2010,

 author = 	{MathWorks},
  title = 	{Error Detection and Correction},

  note = 	{URL={http://www.mathworks.com/access\\ /helpdesk/help/toolbox/comm/ug/fp6603.html}. Acessado em 04 de julho de 2010},

  url = 	{http://www.mathworks.com/access/helpdesk/help/toolbox/comm/ug/fp6603.html},

}



@inbook{Huffman:2003,

 author = 	{ W. C. Huffman and V. Pless},
  title =	 {Fundamentals of Error-Correcting Codes},

  chapter =	 {1},

  pages =	 {1--52},

  address =	 {New York, USA},

  publisher =	 {Cambridge University Press},

  year =	 {2003},

}



@misc{FFRDC:2010,

 author = 	{Federally Funded Research and Development Center of Aerospace Corporation - United States Air Force},
  title = 	{Forward Error-Correction Coding},

  note = 	{URL={http://www.aero.org/publications/crosslink/winter2002/04.html}. Acessado em 08 de julho de 2010},

  url = 	{http://www.aero.org/publications/crosslink/winter2002/04.html},

}



@inproceedings{Patterson:1988,

 author = 	{ D. A. Patterson and G. Gibson and R. H. Katz},
 title = 	{A case for redundant arrays of inexpensive disks (RAID)},

 booktitle = 	{SIGMOD '88: Proceedings of the 1988 ACM SIGMOD International Conference on Management of Data},

 year = 	{1988},

 isbn = 	{0-89791-268-3},

 pages = 	{109--116},

 location = 	{Chicago, Illinois, USA},

 doi = 		{http://doi.acm.org/10.1145/50202.50214},

 publisher = 	{ACM},

 address = 	{New York, NY, USA},

 }



@inbook{Lin:1983,

 author = 	{ S. Lin and D. J. J. Costello},
  title =	 {Error Control Coding: Fundamentals and Applications},

  chapter =	 {1, 2},

  pages =	 {1--50, 1--65},

  address =	 {Englewood Cliffs, New Jersey, USA},

  publisher =	 {Prentice-Hall Press},

  year =	 {1983, 2004},

}


@phdthesis{Weber:1985,
 author =	 { J. M. Weber},
  title =	 {Bounds and Constructions for Binary Block Codes Correcting Asymmetric or Unidirectional Errors},
  school =	 {Delft University of Technology},
  address =	 {Delft, South Holland, Netherlands},
  year =	 {1985},
}

@inbook{Klove:2007,

 author = 	{ T. Klove},
  title =	 {Codes for Error Detection},

  chapter =	 {1},

  pages =	 {1--32},

  address =	 {Englewood Cliffs, New Jersey, USA},

  publisher =	 {World Scientific Publishing Company},

  year =	 {2007},

}



@inbook{Yeung:2008,

 author = 	{ R. W. Yeung},
  title =	 {Information Theory and Network Coding},

  chapter =	 {1},

  pages =	 {1--4},

  address =	 {Englewood Cliffs, New Jersey, USA},

  publisher =	 {Springer},

  year =	 {2008},

}



@misc{AF:2010,

 author = 	{ A. J. Ferreira},
  title = 	{material de apoio - C\'{o}digos detectores e correctores de erros},

  note = 	{URL={http://www.cc.isel.pt/paginaspessoais/ArturFerreira.aspx}. Acessado em 24 de julho de 2010},

  url = 	{http://www.cc.isel.pt/paginaspessoais/ArturFerreira.aspx},

}



@inbook{Vadala:2002,
 author = 	{ D. Vadala},
  title =	 {Managing RAID on Linux},
 chapter =	 {1},
  pages =	 {1--10},
  address =	 {Sebastopol, CA, USA},
  publisher =	 {O'Reilly},
  year =	 {2002},
}



@misc{DS:2010,

 author = 	{Wikipedia project},
  title = 	{Data striping},

  note = 	{URL={http://en.wikipedia.org/wiki/Data\_striping}. Acessado em 01 de agosto de 2010},

  url = 	{http://en.wikipedia.org/wiki/Data_striping},

}



% http://pt.wikipedia.org/wiki/RAID

% http://en.wikipedia.org/wiki/RAID

% http://en.wikipedia.org/wiki/Standard_RAID_levels

% http://ftp.kernel.org/pub/linux/kernel/people/hpa/raid6.pdf



@mastersthesis{Almeida:2007,

 author = 	{ G. M. Almeida},
  title =	 {C\'{o}digos Corretores de Erros em Hardware para Sistemas de Telecomando e Telemetria em Aplica\c{c}\~{o}es Espaciais},

  school =	 {Pontif\'{i}cia Universidade Cat\'{o}lica do Rio Grande do Sul - Faculdade de Inform\'{a}tica},

  address =	 {Porto Alegre, Brasil},

  month =	 {mar\c{c}o},

  year =	 {2007},

}



@techreport{TR-IC-10-24,

   number = 	{IC-10-24},

 author = 	{ A. Oriani and I. C.  Garcia and R. Schmidt},
   title =  	{{The  Search  for  a Highly-Available Hadoop Distributed Filesystem}},

   month = 	{August},

   year = 	{2010},

   institution = {Institute of Computing, University of Campinas},

}



@inbook{Coulouris:2001,

 author = 	{ G. Coulouris and J. Dollimore and T. Kindberg},
  title =	 {Distributed Systems: Concepts and Design},

  chapter =	 {14},

  pages =	 {553--606},

  address =	 {Sebastopol, Essex, England},

  publisher =	 {Pearson Education},

  year =	 {2001},

}



@inproceedings{Bhagwan:2003,

 author = 	{ R. Bhagwan and D. Moore and S. Savage and G. M. Voelker},
 title = 	{Replication strategies for highly available peer-to-peer storage},

 booktitle = 	{Future directions in distributed computing: research and position papers},

 year = 	{2003},

 isbn = 	{3-540-00912-4},

 pages = 	{153--158},

 publisher = 	{Springer-Verlag},

 address = 	{Berlin, Heidelberg},

 }



@misc{MR-1969:2010,

 author = 	{Apache Software Foundation},
  title = 	{MAPREDUCE-1969 - Allow raid to use Reed-Solomon erasure codes},

  note = 	{URL={https://issues.apache.org/jira/browse/MAPREDUCE-1969}. Acessado em 20 de agosto de 2010},

  url = 	{https://issues.apache.org/jira/browse/MAPREDUCE-1969},

}



@inproceedings{Plank:2004,

 author    = 	{J. S. Plank and M. G. Thomason},

  title     = 	{A Practical Analysis of Low-Density Parity-Check Erasure Codes for Wide-Area Storage Applications},

  booktitle = 	{DSN},

  year      = 	{2004},

  pages     = 	{115-124},

  ee        = 	{http://csdl.computer.org/comp/proceedings/dsn/2004/2052/00/20520115abs.htm},

}



@inproceedings{Haeberlen:2005,

 author = 	{ A. Haeberlen and A. Mislove and P. Druschel},
 title = 	{Glacier: highly durable, decentralized storage despite massive correlated failures},

 booktitle = 	{NSDI'05: Proceedings of the 2nd conference on Symposium on Networked Systems Design \& Implementation},

 year = 	{2005},

 pages = 	{143--158},

 publisher = 	{USENIX Association},

 address = 	{Boston, MA, USA},

 }



@inbook{Hefez:2008,

 author = 	{ A. Hefez and M. L. T. Villela},
  title =	 {C\'{o}digos Corretores de Erros},

  chapter =	 {1, 2, 3, 4, 5, 6},

  pages =	 {1--125},

  address =	 {Rio de Janeiro, RJ, Brasil},

  publisher =	 {IMPA, Instituto Nacional de MatemÃ¡tica Pura e Aplicada},

  year =	 {2008},

}



@techreport{Plank2:2007,

 author = 	{ J. S. Plank},
 title = 	{Fast {G}alois {F}ield Arithmetic Library in {C}/{C++}},

 institution = 	{University of Tennessee},

 month = 	{April},

 year = 	{2007},

 number = 	{CS-07-593},

 note =		{URL={http://www.cs.utk.edu/~plank/plank/papers/CS-07-593.html}. Acessado em 04 de fevereiro de 2011},

}



@inproceedings{Chiola:2005,

 author = 	{ G. Chiola},
 title = 	{An Empirical Study of Data Redundancy for High Availability in Large Overlay Networks},

 booktitle = 	{Proceedings of the Second International Workshop on Hot Topics in Peer-to-Peer Systems},

 year = 	{2005},

 isbn = 	{0-7695-2417-6},

 pages = 	{43--51},

 numpages = 	{9},

 url = 		{http://portal.acm.org/citation.cfm?id=1090948.1091374},

 doi = 		{10.1109/HOT-P2P.2005.5},

 acmid = 	{1091374},

 publisher = 	{IEEE Computer Society},

 address = 	{Washington, DC, USA},

} 



@inproceedings{Storer:2008,

 author = 	{ M. W. Storer and K. M.  Greenan and E. L. Miller and K. Voruganti},
 title = 	{Pergamum: replacing tape with energy efficient, reliable, disk-based archival storage},

 booktitle = 	{FAST'08: Proceedings of the 6th USENIX Conference on File and Storage Technologies},

 series = 	{FAST'08},

 year = 	{2008},

 location = 	{San Jose, California},

 pages = 	{1:1--1:16},

 articleno = 	{1},

 numpages = 	{16},

 url = 		{http://portal.acm.org/citation.cfm?id=1364813.1364814},

 acmid = 	{1364814},

 publisher = 	{USENIX Association},

 address = 	{Berkeley, CA, USA},

}



@inproceedings{Saito:2004,
 author = 	{ Y. Saito and S. Fr{\o}lund and A. Veitch and A. Merchant and S. Spence},
 title = 	{FAB: building distributed enterprise disk arrays from commodity components},

 booktitle = 	{Proceedings of the 11th international conference on Architectural support for programming languages and operating systems},

 series = 	{ASPLOS-XI},

 year = 	{2004},

 isbn = 	{1-58113-804-0},

 location = 	{Boston, MA, USA},

 pages = 	{48--58},

 numpages = 	{11},

 url =		{http://doi.acm.org/10.1145/1037187.1024400},

 doi = 		{http://doi.acm.org/10.1145/1037187.1024400},

 acmid = 	{1024400},

 publisher = 	{ACM},

 address = 	{New York, NY, USA},

 keywords = 	{consensus, disk array, erasure coding, replication, storage, voting},

}



@phdthesis{Duminoco:2009,

 author = 	{ A. Duminoco},
  title =	 {Data Redundancy and Maintenance for Peer-to-Peer File Backup Systems},
  school =	 {\'{E}cole Doctorale d\'{}Informatique, T\'{e}l\'{e}communications et \'{E}lectronique de Paris},

  address =	 {Paris, France},

  month =	 {October},

  year =	 {2009},

}



@inproceedings{Baker:2006,

 author = 	{ M. Baker and M. Shah and D. S. H. Rosenthal and M.  Roussopoulos and P. Maniatis and TJ. Giuli and P. Bungale},
 title = 	{A fresh look at the reliability of long-term digital storage},

 booktitle = 	{Proceedings of the 1st ACM SIGOPS/EuroSys European Conference on Computer Systems},

 series =	{EuroSys '06},

 year = 	{2006},

 isbn = 	{1-59593-322-0},

 location = 	{Leuven, Belgium},

 pages = 	{221--234},

 numpages = 	{14},

 url = 		{http://doi.acm.org/10.1145/1217935.1217957},

 doi = 		{http://doi.acm.org/10.1145/1217935.1217957},

 acmid = 	{1217957},

 publisher = 	{ACM},

 address = 	{New York, NY, USA},

 keywords = 	{digital preservation, storage systems},

}



@article{Weatherspoon:2002:02,

 author = 	{ H. Weatherspoon and T. Moscovitz and J. Kubiatowicz},
title = 	{Introspective Failure Analysis: Avoiding Correlated Failures in Peer-to-Peer Systems},

journal =	{21st IEEE Symposium on Reliable Distributed Systems},

volume = 	{0},

issn = 		{1060-9857},

year = 		{2002},

pages = 	{362--367},

doi = 		{http://doi.ieeecomputersociety.org/10.1109/RELDIS.2002.1180211},

publisher = 	{IEEE Computer Society},

address = 	{Los Alamitos, CA, USA},

}



@inproceedings{Ghemawat:2003,

 author = 	{ S. Ghemawat and H. Gobioff and S. Leung},
 title = 	{The Google file system},

 booktitle = 	{Proceedings of the nineteenth ACM symposium on Operating systems principles},

 series = 	{SOSP '03},

 year = 	{2003},

 isbn = 	{1-58113-757-5},

 location = 	{Bolton Landing, NY, USA},

 pages = 	{29--43},

 numpages = 	{15},

 url = 		{http://doi.acm.org/10.1145/945445.945450},

 doi = 		{http://doi.acm.org/10.1145/945445.945450},

 acmid = 	{945450},

 publisher = 	{ACM},

 address = 	{New York, NY, USA},

 keywords = 	{clustered storage, data storage, fault tolerance, scalability},

} 



@misc{TKDFS:2011,

 author = 	{ T. Schurmann},
  title = 	{The Kosmos distributed FS},

  year = 	{2008},

  note = 	{URL={http://www.linux-magazine.com/Issues/2008/90/Kosmos-FS}. Acessado em 30 de junho de 2011},

  url = 	{http://www.linux-magazine.com/Issues/2008/90/Kosmos-FS},

}



@inproceedings{Weil:2006,

 author = 	{ S. A. Weil and S. A. Brandt and E. L. Miller and D. D. E. Long and C. Maltzahn},
 title = 	{Ceph: a scalable, high-performance distributed file system},

 booktitle = 	{Proceedings of the 7th symposium on Operating systems design and implementation},

 series = 	{OSDI '06},

 year = 	{2006},

 isbn = 	{1-931971-47-1},

 location = 	{Seattle, Washington},

 pages = 	{307--320},

 numpages = 	{14},

 url = 		{http://portal.acm.org/citation.cfm?id=1298455.1298485},

 acmid = 	{1298485},

 publisher = 	{USENIX Association},

 address = 	{Berkeley, CA, USA},

} 



@inproceedings{Williams:2007,

 author = 	{ C. Williams and P. Huibonhoa and J. Holliday and A. Hospodor and T. Schwarz},
 title = 	{Redundancy Management for P2P Storage},

 booktitle = 	{Proceedings of the Seventh IEEE International Symposium on Cluster Computing and the Grid},

 series = 	{CCGRID '07},

 year = 	{2007},

 isbn = 	{0-7695-2833-3},

 pages = 	{15--22},

 numpages = 	{8},

 url = 		{http://dx.doi.org/10.1109/CCGRID.2007.93},

 doi = 		{http://dx.doi.org/10.1109/CCGRID.2007.93},

 acmid = 	{1252191},

 publisher = 	{IEEE Computer Society},

 address = 	{Washington, DC, USA},

} 



@article{Storer:2009,

 author = 	{ M. W. Storer and K. M. Greenan and E. L. Miller and K. Voruganti},
 title = 	{POTSHARDS: a secure, recoverable, long-term archival storage system},

 journal = 	{Trans. Storage},

 volume = 	{5},

 issue = 	{2},

 month = 	{June},

 year = 	{2009},

 issn = 	{1553-3077},

 pages = 	{5:1--5:35},

 articleno = 	{5},

 numpages = 	{35},

 url = 		{http://doi.acm.org/10.1145/1534912.1534914},

 doi = 		{http://doi.acm.org/10.1145/1534912.1534914},

 acmid = 	{1534914},

 publisher = 	{ACM},

 address = 	{New York, NY, USA},

 keywords = 	{Archival storage, approximate pointers, secret splitting},

} 



@phdthesis{Xia:2006,

 author = 	{ H. Xia},
 advisor = 	{Chien{,} A. A.},

 title = 	{Robustore: a distributed storage architecture with robust and high performance},

 school =	{University of California at San Diego},

 year = 	{2006},

 isbn = 	{978-0-542-77094-4},

 note = 	{AAI3225997},

 publisher = 	{University of California at San Diego},

 address = 	{La Jolla, CA, USA},

} 



@inproceedings{Bhagwan:2004,

 author = 	{ R. Bhagwan and K. Tati and Y. Cheng and S. Savage and G. M. Voelker},
 title = 	{Total recall: system support for automated availability management},

 booktitle = 	{Proceedings of the 1st conference on Symposium on Networked Systems Design and Implementation},

 year = 	{2004},

 location = 	{San Francisco, California},

 pages = 	{25--25},

 volume = 	{1},

 numpages = 	{1},

 url = 		{http://portal.acm.org/citation.cfm?id=1251175.1251200},

 acmid = 	{1251200},

 publisher = 	{USENIX Association},

 address = 	{Berkeley, CA, USA},

} 



@inproceedings{Schmuck:2002,

 author = 	{ F. Schmuck and R. Haskin},
 title = 	{GPFS: A Shared-Disk File System for Large Computing Clusters},

 booktitle = 	{Proceedings of the 1st USENIX Conference on File and Storage Technologies},

 series = 	{FAST '02},

 year = 	{2002},

 location = 	{Monterey, CA},

 articleno = 	{19},

 url =		{http://portal.acm.org/citation.cfm?id=1083323.1083349},

 acmid = 	{1083349},

 publisher = 	{USENIX Association},

 address = 	{Berkeley, CA, USA},

} 



@techreport{Anderson:1998,

 author = 	{ T. Anderson and M. Dahlin and J. Neefe and D. Roselli and R. Wang  and D. Patterson},
 title = 	{Serverless Network File Systems},

 institution = 	{University of California at Berkeley},

 year = 	{1998},

 source = 	{http://www.ncstrl.org:8900/ncstrl/servlet/search?formname=detail\&id=oai\%3Ancstrlh\%3Aucb\%3AUCB\%2F\%2FCSD-98-983},

 publisher = 	{University of California at Berkeley},

 address = 	{Berkeley, CA, USA},

}



@techreport{Cabrera:1991,

 author = 	{ L. Cabrera D. D. E. Long},
 title = 	{SWIFT: Using Distributed Disk Striping to Provide High I/O Data Rates},

 year = 	{1991},

 institution = 	{University of California at Santa Cruz},

 source = 	{http://www.ncstrl.org:8900/ncstrl/servlet/search?formname=detail\&id=oai\%3Ancstrlh\%3Aucsc_cs\%3Ancstrl.ucsc_cse\%2F\%2FUCSC-CRL-91-46},

 publisher = 	{University of California at Santa Cruz},

 address = 	{Santa Cruz, CA, USA},

} 



@inproceedings{Wilcox-O'Hearn:2008,

 author = 	{ Z. Wilcox-O'Hearn B. Warner},
 title = 	{Tahoe: the least-authority filesystem},

 booktitle = 	{Proceedings of the 4th ACM international workshop on Storage security and survivability},

 series = 	{StorageSS '08},

 year = 	{2008},

 isbn = 	{978-1-60558-299-3},

 location = 	{Alexandria, Virginia, USA},

 pages = 	{21--26},

 numpages = 	{6},

 url = 		{http://doi.acm.org/10.1145/1456469.1456474},

 doi = 		{http://doi.acm.org/10.1145/1456469.1456474},

 acmid = 	{1456474},

 publisher = 	{ACM},

 address = 	{New York, NY, USA},

 keywords = 	{capabilities, fault-tolerance, open source, peer-to-peer},

} 



@mastersthesis{Ritter:2009,

 author = 	{ D. Ritter},
  title =	 {Um Estudo sobre C\'{o}digos Corretores de Erros em Espa\c{c}os sobre Posets},

  school =	 {Instituto de Matem\'{a}tica, Estat\'{i}stica e Computa\c{c}\~{a}o Cient\'{i}fica - Departamento de Matem\'{a}tica},

  address =	 {Campinas, Brasil},

  month =	 {fevereiro},

  year =	 {2009},

}



@phdthesis{Rebelatto:2010,

 author = 	{ J. L. Rebelatto},
  title =	 {Codifica\c{c}\~{a}o de Rede Baseada em C\'{o}digos Corretores de Erros Cl\'{a}ssicos},

  school =	 {Departamento de Engenharia El\'{e}trica da Universidade Federal de Santa Catarina},

  address =	 {FlorianÃ³polis, Brasil},

  month =	 {dezembro},

  year =	 {2010},

}



@misc{Stoten:2011,

 author = 	{ J. Stoten},
  title = 	{Digital Fountains},

  note = 	{URL={http://www.jonathanstoten.com/fountains.html}. Acessado em 10 de julho de 2011},

  url = 	{http://www.jonathanstoten.com/fountains.html},

}



@inbook{MacKay:2003,

 author = 	{ D. J. C. MacKay},
  title =	 {Information Theory, Inference, and Learning Algorithms},

  chapter =	 {49},

  pages =	 {582--587},

  address =	 {Cambridge, England},

  publisher =	 {Cambridge University Press},

  year =	 {2003},

}



@inproceedings{Divsalar:1998,

 author = 	{ D. Divsalar H. Jin R. J. McEliece},
 title = 	{Coding Theorems for "Turbo-Like" Codes},

 booktitle = 	{Proceedings of the 36th Allerton Conference on Communication, Control, and Computing},

 year = 	{1998},

 location = 	{Allerton House, USA},

 pages = 	{201--210},

 numpages = 	{10},

 url = 		{http://academic.research.microsoft.com/Publication/2038756/coding-theorems-for-turbo-like-codes},

} 



@inproceedings{Luby:2002,

 author = 	{ M. Luby},
 title = 	{LT Codes},

 booktitle = 	{Proceedings of the 43rd Symposium on Foundations of Computer Science},

 series = 	{FOCS '02},

 year = 	{2002},

 isbn = 	{0-7695-1822-2},

 pages = 	{271--},

 url = 		{http://portal.acm.org/citation.cfm?id=645413.652135},

 acmid = 	{652135},

 publisher = 	{IEEE Computer Society},

 address = 	{Washington, DC, USA},

 keywords = 	{erasure codes, rateless codes, universal codes, reliable transport, balls and bins, randomized algorithms},

} 



@misc{Anvin:2009,
 author = 	{ P. H. Anvin},
  title = 	{The mathematics of RAID-6},
  year = 	{2009},
  note = 	{URL={http://kernel.org/pub/linux/kernel/people/hpa/raid6.pdf}. Acessado em 01 de agosto de 2010},
  url = 	{http://kernel.org/pub/linux/kernel/people/hpa/raid6.pdf},
}



@inbook{Connell:2004,

 author = 	{ E. H. Connell},
  title =	 {Elements of Abstract and Linear Algebra},

  chapter =	 {2, 3},

  pages =	 {19--52},

  address =	 {Coral Gables, Florida, USA},

  publisher =	 {University of Miami},

  year =	 {2004},

}



@inbook{Rosen:2003,

 author = 	{ K. H. Rosen},
  title =	 {Discrete Mathematics and its Applications},

  chapter =	 {2, 3},

  pages =	 {119--299},

  address =	 {New York, NY, USA},

  publisher =	 {McGraw-Hill},

  year =	 {2003},

}



@inbook{Huffman:1971,

 author = 	{ K. Huffman R. Kunze},
  title =	 {Linear Algebra},

  chapter =	 {4},

  pages =	 {117--139},

  address =	 {Englewood Cliffs, NJ, USA},

  publisher =	 {Prentice Hall},

  year =	 {1971},

}



@inbook{Sloane:1977,

 author = 	{ F. MacWilliams J.  N. J. A. Sloane},
  title =	 {The Theory of Error-Correcting Codes},

  chapter =	 {3, 4, 7, 10},

  pages =	 {80--124},

  address =	 {Amsterdam, Netherlands},

  publisher =	 {North-Holland Publishing Company},

  year =	 {1977},

}



@article{Hamming:1950,

 author = 	{ R. W. Hamming},
 title = 	{Error Detecting and Error Correcting Codes},

 journal = 	{The Bell System Technical Journal},

 volume = 	{29},

 number = 	{2},

 year = 	{1950},

 issn = 	{0005-8580},

 pages = 	{147--160},

 page-count = 	{14},

 publisher = 	{Amer Telephone Telegraph Co},

 address = 	{New York, NY, USA},

}



@inproceedings{Costello:1998,

 author = 	{ D. J. Costello r.  J. Hagenauer J. H. Imai S. B. Wicker},
 title = 	{Applications of Error-Control Coding},

 booktitle = 	{Proceedings of the IEEE Transactions on Information Theory},

 year = 	{1998},

 pages = 	{2531--2560,},

 publisher = 	{IEEE Computer Society},

 address = 	{Washington, DC, USA},

} 

@inbook{Eves:2002,

 author = 	{ Howard Eves },
  title =	 {Introdu\c{c}\~{a}o \`{a} Hist\'{o}ria da Matem\'{a}tica},

  chapter =	 {13},

  pages =	 {532--536},

  address =	 {Cidade Universit\'{a}ria, Campinas, SÃ£o Paulo, Brasil},

  publisher =	 {Editora da Unicamp},

  year =	 {2002},

}

@article{Andrade:2011,

 author = 	{ Antonio Aparecido de Andrade and Tariq Shah and Atlas Khan},
 title = 	{A Note on Linear Codes over Semigroup Rings},

 journal = 	{Tema Tend\^{e}ncias em Matem\'{a}tica Aplicada e Computacional},

 volume = 	{12},

 number = 	{2},

 year = 	{2011},

 issn = 	{2179-8451},

 pages = 	{79-89},

 page-count = 	{11},

doi = 		{http://sbmac.org.br/tema/seer/index.php/tema/article/view/79/28},

 publisher = 	{SBMAC/Sociedade Brasileira de MatemÃ¡tica Aplicada e Computacional},

 address = 	{Brasil},

}

@phdthesis{Rocha:2010,
author = 	{ Andr\'{e}a Santos Leite da Rocha},
title = 	{Modelo de Sistema de Comunica\c{c}\~{o}es Digital para o Mecanismo de Importa\c{c}\~{a}o de Prote\'{i}nas Mitocondriais Atrav\'{e}s de C\'{o}digos Corretores de Erros},
pages =		{155},
school =	{Departamento de Telem\'{a}tica, Faculdade de Engenharia El\'{e}trica e de Computa\c{c}\~{a}o, Universidade Estadual de Campinas},
type =		{doctoral dissertation},
year =		{2010},
address =	{Campinas, Brasil},
}

@article{Viterbi:1967,

 author = 	{ Andrew J. Viterbi},
 title = 	{Error Bounds for Convolutional Codes and an Asymptotically Optimum Decoding Algorithm},

 journal = 	{IEEE Transactions on Information Theory},

 volume = 	{13},

 number = 	{2},

 year = 	{1967},

 issn = 	{0018-9448},

 pages = 	{260-269},

 page-count = 	{10},

doi = 		{http://dx.doi.org/10.1109/TIT.1967.1054010},

 publisher = 	{IEEE},

 address = 	{Brasil},

}

@inproceedings{Elias:1955,

 author = 	{Peter Elias},

 title = 	{{Coding for Noisy Channels}},

 booktitle = 	{Proceedings of the },

 year = 	{1955},

 pages = 	{37--46},

 month = 	{march},

 publisher = 	{IRE Conv. Rec.},

 address = 	{Cambridge, Massachusetts, USA},

}

@inbook{Toscani:2002,

 author = 	{ Laura Vieira Toscani and Paulo A. S. Veloso },

  title =	 {Complexidade de Algoritmos},

  chapter =	 {5},

  pages =	 {75--167},

  address =	 {Porto Alegre, RS, Brasil},

  publisher =	 {Editora Sagra Luzzatto},

  year =	 {2002},

}

@article{Faria:2012,
    author = 	{Luzinete C. B. Faria AND AndrÃ©a S. L. Rocha AND  JoÃ£o H. Kleinschmidt AND MÃ¡rcio C. Silva-Filho AND Edson Bim AND Roberto H. Herai AND Michel E. B. Yamagishi AND Reginaldo Palazzo Jr.},
    journal = 	{PLoS ONE},
    publisher = {Public Library of Science},
    title = 	{Is a Genome a Codeword of an Error-Correcting Code?},
    year = 	{2012},
    month = 	{05},
    volume = 	{7},
    url = 	{http://dx.doi.org/10.1371/journal.pone.0036644},
    pages = 	{e36644},
    abstract = {<p>Since a genome is a discrete sequence, the elements of which belong to a set of four letters, the question as to whether or not there is an error-correcting code underlying DNA sequences is unavoidable. The most common approach to answering this question is to propose a methodology to verify the existence of such a code. However, none of the methodologies proposed so far, although quite clever, has achieved that goal. In a recent work, we showed that DNA sequences can be identified as codewords in a class of cyclic error-correcting codes known as Hamming codes. In this paper, we show that a complete intron-exon gene, and even a plasmid genome, can be identified as a Hamming code codeword as well. Although this does not constitute a definitive proof that there is an error-correcting code underlying DNA sequences, it is the first evidence in this direction.</p>},
    number = 	{5},
    doi = 	{10.1371/journal.pone.0036644}
}        

@inbook{Schwartz:1990,

 author = 	{ Mischa Schwartz },

  title =	 {Information transmission, modulation and noise},

  chapter =	 {3, 7},

  pages =	 {95--200, 564--730},

  address =	 {Singapure},

  publisher =	 {McGraw-Hill},

  year =	 {1990},

}

@inbook{Gilbert:2004,

 author = 	{ William J. Gilbert and W. Keith Nicholson },

  title =	 {Modern Algebra with Applications},

  chapter =	 {14},

  pages =	 {264--292},

  address =	 {Singapure},

  publisher =	 {John Wiley and Sons},

  year =	 {2004},

}

@inbook{Kim:1983,

 author = 	{ Ki Hang Kim and Fred W. Roush },

  title =	 {Applied Abstract Algebra},

  chapter =	 {6},

  pages =	 {210--252},

  address =	 {Chichester West Sussex, England},

  publisher =	 {Ellis Horwood Limited},

  year =	 {1983},

}

@inbook{Lidl:1997,

 author = 	{ Rudolf Lidl and Harald Niederreiter },

  title =	 {Finite Fields},

  chapter =	 {9},

  pages =	 {470--540},

  address =	 {New York, NY, USA},

  publisher =	 {Cambridge University Press},

  year =	 {1983},

}

@misc{WKIT:2012,

  author = 	{Wikipedia project},

  title = 	{Information theory},

  note = 	{URL={http://en.wikipedia.org/wiki/Information\_theory}. Acessado em 7 de junho de 2012},

  url = 	{http://en.wikipedia.org/wiki/Information_theory},

}

@misc{JSCC:2012,

  author = 	{Wikipedia project},

  title = 	{Joint source and channel coding},

  note = 	{URL={http://en.wikipedia.org/wiki/Joint\_source\_and\_channel\_coding}. Acessado em 7 de junho de 2012},

  url = 	{http://en.wikipedia.org/wiki/Joint_source_and_channel_coding},

}

@inproceedings{Adya:2002,

    author = 	{Atul Adya and William J. Bolosky and Miguel Castro and Gerald Cermak and Ronnie Chaiken and John R. Douceur and Jon and Jon Howell and Jacob R. Lorch and Marvin Theimer and Roger P. Wattenhofer},

    title = 	{FARSITE: Federated, Available, and Reliable Storage for an Incompletely Trusted Environment},

    booktitle = {In Proceedings of the 5th Symposium on Operating Systems Design and Implementation (OSDI},

    year =	 {2002},

    pages = 	{1--14}
}

@article{Bolosky:2007,
 author = 	{William J. Bolosky and John R. Douceur and Jon Howell},
 title = 	{The Farsite project: a retrospective},
 journal = 	{SIGOPS Oper. Syst. Rev.},
 issue_date = 	{April 2007},
 volume = 	{41},
 number = 	{2},
 month = 	{April},
 year = 	{2007},
 issn = 	{0163-5980},
 pages = 	{17--26},
 numpages = 	{10},
 url = 		{http://doi.acm.org/10.1145/1243418.1243422},
 doi = 		{10.1145/1243418.1243422},
 acmid = 	{1243422},
 publisher = 	{ACM},
 address = 	{New York, NY, USA},
 keywords = 	{distributed debugging, formal system specification, project management, serverless distributed file system, software engineering, system design iteration, tech transfer},
} 

@inbook{Preparata:1973,

 author = 	{ Franco P. Preparata and Raymond T. Yeh },

  title =	 {Introduction to Discrete Structures},

  chapter =	 {3},

  pages =	 {117--180},

  address =	 {Austin, Texas, USA},

  publisher =	 {Addison Wesley Publishing Company},

  year =	 {1973},

}

@inbook{Aho:1974,

 author = 	{ Alfred V. Aho and John E. Hopcroft and Jeffrey D. Ullman },

  title =	 {The Design and Analysis of Computer Algorithms},

  chapter =	 {8},

  pages =	 {277--316},

  address =	 {Don Mills, Ontario, Canada},

  publisher =	 {Addison Wesley Publishing Company},

  year =	 {1973},

}

@inbook{Cameron:2008,

 author = 	{ Peter J. Cameron },

  title =	 {Introduction to Algebr},

  chapter =	 {4},

  pages =	 {299--333},

  address =	 {New York, NY, USA},

  publisher =	 {Oxford University Press},

  year =	 {2008},

}

@inbook{West:2001,

 author = 	{ Douglas B. West },

  title =	 {Introduction to Graph Theory},

  chapter =	 {1},

  pages =	 {1--66},

  address =	 {Upper Saddle River, NJ, USA},

  publisher =	 {Prentice Hall},

  year =	 {2001},

}

@inbook{Abrantes:2010,

  author = 	{ Silvio A. Abrantes },

  title =	 {CÃ³digos Corretores de Erros em ComunicaÃ§Ãµes Digitais},

  chapter =	 {1,2,3,4,5,6,7,8,9},

  pages =	 {17--600},

  address =	 {Porto, Portugal},

  publisher =	 {FEUP ediÃ§Ãµes},

  year =	 {2001},

}

@inproceedings{Resh:2011,

  author = 	"J. K. Resch and J. S. Plank",

  title = 	"{AONT-RS:} Blending Security and Performance in Dispersed Storage Systems",

  booktitle = 	"FAST-2011: 9th Usenix Conference on File and Storage Technologies",

  month = 	"February",

  year = 	"2011",

  pages = 	"191-202",

  url = 	"http://web.eecs.utk.edu/~plank/plank/papers/FAST-2011.html"

}

@phdthesis{Faria:2010,
author = 	{ Luzinete Cristina Bonani de Faria
},
title = 	{Existencias de C\'{o}digos Corretores de Erros e Protocolos de Comunica\c{c}\~{a}o em Sequ\^{e}ncias de DNA},
pages =		{296},
school =	{Departamento de Telem\'{a}tica, Faculdade de Engenharia El\'{e}trica e de Computa\c{c}\~{a}o, Universidade Estadual de Campinas},
type =		{doctoral dissertation},
year =		{2011},
address =	{Campinas, Brasil},
}

@InProceedings{Takeda:2012,

 author = 	{ Marcos Takeda and Claudio Coutinho and Fernanda Smith and Aldebaro Klautau and Evaldo Pelaes},

title = 	{Implementa\c{c}\~{a}o de C\'{o}digos LDPC no GNU Radio: Estudo de Caso do Padr\~{a}o G.hn},

booktitle= 	{Anais do 30o Simp\'{o}sio Brasileiro de Telecomunica\c{c}\~{o}es},

month = 	{September},

year = 		{2012},

address = 	{Bras\'{i}lia, Distrito Federal, Brasil}, 

}

@inbook{Sedgewick:2011,

 author = 	{ Robert Sedgewick and Kevin Wayne},
  title =	 {Algorithms},

  chapter =	 {1},

  pages =	 {3--240},

  address =	 {Boston, MA, USA},

  publisher =	 {Addison-Wesley},

  year =	 {2011},

}

@InProceedings{JAI03SBC:2012,

 author = 	{ Alfredo Goldman and Fabio Kon and Francisco Pereira Junior and Ivanilton Polato and Rosangela de FÃ¡tima Pereira},

title = 	{JAI 03: Apache Hadoop: conceitos te\'{o}ricos e pr\'{a}ticos, evolu\c{c}\~{a}o e novas possibilidades},

booktitle= 	{Anais do XXXII Congresso da Sociedade Brasileira de Computa\c{c}\~{a}o, XXXI Jornadas de Atualiza\c{c}\~{a}o em Inform\'{a}tica (JAI)},

month = 	{July},

year = 		{2012},

address = 	{Curitiba, Paran\'{a}, Brasil}, 

}

@inbook{Nelson:2006,

 author = 	{ David L. Nelson and Michael M. Cox},
  title =	 {Lehinger PrincÃ­pios de BioquÃ­mica},

  chapter =	 {1},

  pages =	 {23},

  address =	 {SÃ£o Paulo, SÃ£o Paulo, Brasil},

  publisher =	 {Sarvier Editora},

  year =	 {2006},

}

@misc{GEPOTI:2012,

 author = 	{ Universidade Federal de Campina Grande, Departamento de Engenharia ElÃ©trica},

  title = 	{Grupo de Estudos em Problemas de OtimizaÃ§Ã£o e TransmissÃ£o da InformaÃ§Ã£o},

  note = 	{URL={http://www.dee.ufcg.edu.br/~gepoti/}. Acessado em 01 de Outubro de 2012},

  url = 	{http://www.dee.ufcg.edu.br/~gepoti/},

}

@misc{GFSRN:2012,
  author = 	{ Red Hat},
  title = 	{Gluster File System Release Notes},
  note = 	{URL={http://download.gluster.com/pub/gluster/glusterfs/3.1/3.1.6/Gluster\_FS\_Release\_Notes\_3.1.6.pdf}. Acessado em 02 de outubro de 2012},
  url = 	{http://download.gluster.com/pub/gluster/glusterfs/3.1/3.1.6/Gluster_FS_Release_Notes_3.1.6.pdf},
}

@misc{CFSUSAM:2012,
  author = 	{ M. Satyanarayanan and Maria R. Ebling and Joshua Raiff and Peter J. Braam and Jan Harkes},
  title = 	{Coda File System User and System Administrators Manual},
  note = 	{URL={http://ftp.coda.cs.cmu.edu/doc/ps/manual.ps.gz}. Acessado em 02 de outubro de 2012},
  url = 	{http://ftp.coda.cs.cmu.edu/doc/ps/manual.ps.gz},
}

@misc{Sandberg:1985,
    author = 	{Russel Sandberg and David Goldberg and Steve Kleiman and Dan Walsh and Bob Lyon},
    title = 	{Design and Implementation or the Sun Network Filesystem},
    year = 	{1985},
    note = 	{URL={http://citeseerx.ist.psu.edu/viewdoc/summary?doi=10.1.1.14.473}. Acessado em 02 de outubro de 2012},
    url = 	{http://citeseerx.ist.psu.edu/viewdoc/summary?doi=10.1.1.14.473},
}

@inbook{Stern:2001,

 author = 	{ Hal Stern and Mike Eisler and Ricardo Labiagax},
  title =	 {Managing NFS and NIS},

  chapter =	 {3},

  pages =	 {9--30},

  address =	 {Sebastopol, CA, USA},

  publisher =	 {O'Reilly},

  year =	 {2001},

}

@inbook{Milicchio:2007,

 author = 	{ Franco Milicchio and Wolfgang A. Gehrke},
  title =	 {Distributed Services with OpenAFS},

  chapter =	 {5},

  pages =	 {81--147},

  address =	 {Berlin, Heidelberg},

  publisher =	 {Springer-Verlag},

  year =	 {2007},

}

@inbook{Alencar:2004,

 author = 	{ Marcelo Sampaio de Alencar},
  title =	 {Telefonia Celular Digital},

  chapter =	 {6},

  pages =	 {191--231},

  address =	 {S\~{a}o Paulo, Brasil},

  publisher =	 {Editora Ãrica},

  year =	 {2004},

}

@InProceedings{JAI03SBC:2007,

 author = 	{ Ricardo Dahab and J\'{u}lio C\'{e}zar L\'{o}pez Hern\'{a}ndez},

title = 	{JAI 03: T\'{e}cnicas Criptogr\'{a}ficas modernas: algoritmos e protocolos},

booktitle= 	{Anais do XXVI Congresso da Sociedade Brasileira de Computa\c{c}\~{a}o, XXXI Jornadas de Atualiza\c{c}\~{a}o em Inform\'{a}tica (JAI)},

month = 	{July},

year = 		{2007},

address = 	{Rio de Janeiro, Rio de Janeiro, Brasil}, 

}

@article{Shamir:1979,
 author = 	{Shamir, Adi},
 title = 	{How to share a secret},
 journal = 	{Communications ACM},
 issue_date = 	{Nov. 1979},
 volume = 	{22},
 number = 	{11},
 month = 	{november},
 year = 	{1979},
 issn = 	{0001-0782},
 pages = 	{612--613},
 numpages = 	{2},
 url = 		{http://doi.acm.org/10.1145/359168.359176},
 doi = 		{10.1145/359168.359176},
 acmid = 	{359176},
 publisher = 	{ACM},
 address = 	{New York, NY, USA},
 keywords =	{cryptography, interpolation, key management},
} 

@inbook{Hefez:2011,

 author = 	{ Abramo Hefez},
  title =	 {Curso de \'{A}lgebra},

  chapter =	 {6},

  pages =	 {108--129},

  address =	 {Rio de Janeiro, RJ, Brasil},

  publisher =	 {IMPA, Instituto Nacional de MatemÃ¡tica Pura e Aplicada},

  year =	 {2011},

}

@inbook{Ramakrishnan:2003,

 author = 	{ Raghu Ramakrishnan and Johannes Gehrke},

  title =	 {Database Management Systems},

  chapter =	 {9},

  pages =	 {304--337},

  address =	 {New York, NY, USA},

  publisher =	 {McGraw-Hill},

  year =	 {2003},

}

@inbook{Stallings:2005,

 author = 	{ William Stallings},

  title =	 {Wireless Communications and Networks},

  chapter =	 {2, 8},

  pages =	 {14--45,  193--235},

  address =	 {Upper Saddle River, NJ, USA},

  publisher =	 {Prentice Hall},

  year =	 {2005},

}

@inbook{Gast:2005,

 author = 	{ Matthew Gast},

  title =	 {802.11 Wireless Networks The Definitive Guide},

  chapter =	 {10},

  pages =	 {225--238},

  address =	 {Sebastopol, CA, USA},

  publisher =	 {O'Reilly},

  year =	 {2005},

}

@inbook{Lima:2011,

 author = 	{ Elon Lages Lima},
  title =	 {\'{A}lgebra Linear},

  chapter =	 {22},

  pages =	 {310--332},

  address =	 {Rio de Janeiro, RJ, Brasil},

  publisher =	 {IMPA, Instituto Nacional de MatemÃ¡tica Pura e Aplicada},

  year =	 {2011},

}


@misc{JPLCIT:2012,
  author = 	{Jet Propulsion Laboratory, California Institute of Technology},
  title = 	{Telecommunications},
  note = 	{URL={http://www2.jpl.nasa.gov/basics/bsf10-1.php}. Acessado em 10 de dezembro de 2012},
  url = 	{http://www2.jpl.nasa.gov/basics/bsf10-1.php},
}

@misc{WTPI:2012,
  author = 	{World Tv},
  title = 	{Programas Infantis que Fizeram HistÃ³ria},
  note = 	{URL={http://worldtelevisao.blogspot.com.br/2011/05/programas-infantis-que-fizeram-historia.html}. Acessado em 10 de dezembro de 2012},
  url = 	{http://worldtelevisao.blogspot.com.br/2011/05/programas-infantis-que-fizeram-historia.html},
}

@misc{MNA:2012,
  author = 	{Mari\~{a}ngela},
  title = 	{Notas da Alma},
  note = 	{URL={http://vidaanascer.blogspot.com.br/2012/09/notas-da-alma.html}. Acessado em 10 de dezembro de 2012},
  url = 	{http://vidaanascer.blogspot.com.br/2012/09/notas-da-alma.html},
}

@misc{VF:2012,
  author = 	{Volney Faustini},
  title = 	{O telefone tocou na madrugada},
  note = 	{URL={http://volneyf.blogspot.com.br/2008\_04\_01\_archive.html}. Acessado em 10 de dezembro de 2012},
  url = 	{http://volneyf.blogspot.com.br/2008_04_01_archive.html},
}

@misc{FBP:2012,
  author = 	{FÃ¡bio Berbert de Paula},
  title = 	{Criando sites para celular com WML (parte 1)},
  note = 	{URL={http://phpbrasil.com/artigo/ozk4KmI6\_tdC/2/criando-sites-para-celular-com-wml-parte-1}. Acessado em 10 de dezembro de 2012},
  url = 	{http://phpbrasil.com/artigo/ozk4KmI6_tdC/2/criando-sites-para-celular-com-wml-parte-1},
}

@misc{VBFB:2012,
  author = 	{VentureBeat},
  title = 	{How Facebook kept its servers cool in the Southern summer heat},
  note = 	{URL={http://venturebeat.com/2012/11/14/facebook-north-carolina-data-center/}. Acessado em 10 de dezembro de 2012},
  url = 	{http://venturebeat.com/2012/11/14/facebook-north-carolina-data-center/},
}

@misc{IBMR6:2012,
  author = 	{IBM},
  title = 	{RAID 6},
  note = 	{URL={http://pic.dhe.ibm.com/infocenter/powersys/v3r1m5/index.jsp?topic=/arebk/raidsix.htm}. Acessado em 10 de dezembro de 2012},
  url = 	{http://pic.dhe.ibm.com/infocenter/powersys/v3r1m5/index.jsp?topic=/arebk/raidsix.htm},
}

@misc{MR-2036:2010,
  author = 	{Apache Software Foundation},
  title = 	{MAPREDUCE-2036 - Enable Erasure Code in Tool similar to Hadoop Archive},
  note = 	{URL={https://issues.apache.org/jira/browse/MAPREDUCE-2036}. Acessado em 10 de novembro de 2010},
  url = 	{https://issues.apache.org/jira/browse/MAPREDUCE-2036},
}
